@article{treister2015non,
  title={Non-Galerkin multigrid based on sparsified smoothed aggregation},
  author={Treister, Eran and Yavneh, Irad},
  journal={SIAM Journal on Scientific Computing},
  volume={37},
  number={1},
  pages={A30--A54},
  year={2015},
  publisher={SIAM}
}

@article{bienz2016reducing,
  title={Reducing Parallel Communication in Algebraic Multigrid through Sparsification},
  author={Bienz, Amanda and Falgout, Robert D and Gropp, William and Olson, Luke N and Schroder, Jacob B},
  journal={SIAM Journal on Scientific Computing},
  volume={38},
  number={5},
  pages={S332--S357},
  year={2016},
  publisher={SIAM}
}

@article{bell2012exposing,
  title={Exposing fine-grained parallelism in algebraic multigrid methods},
  author={Bell, Nathan and Dalton, Steven and Olson, Luke N},
  journal={SIAM Journal on Scientific Computing},
  volume={34},
  number={4},
  pages={C123--C152},
  year={2012},
  publisher={SIAM}
}
