@article{carslaw1959heat,
  title={Heat conduction in solids},
  author={Carslaw, HS and Jaeger, JC},
  journal={Oxford University Press, Oxford},
  pages={75},
  year={1959}
}

@techreport{van1982analytical,
  title={Analytical solutions of the one-dimensional convective-dispersive solute transport equation},
  author={Van Genuchten, M Th and Alves, WJ and others},
  year={1982},
  institution={United States Department of Agriculture, Economic Research Service}
}

@article{leiderman2011grow,
  title={Grow with the flow: a spatial--temporal model of platelet deposition and blood coagulation under flow},
  author={Leiderman, Karin and Fogelson, Aaron L},
  journal={Mathematical medicine and biology: a journal of the IMA},
  volume={28},
  number={1},
  pages={47--84},
  year={2011},
  publisher={Oxford University Press}
}
@article{l2013influence,
  title={The influence of hindered transport on the development of platelet thrombi under flow},
  author={Leiderman, Karin and Fogelson, Aaron L},
  journal={Bulletin of mathematical biology},
  volume={75},
  number={8},
  pages={1255--1283},
  year={2013},
  publisher={Springer}
}

@article{nekpp,
  title={Nektar++: An open-source spectral/hp element framework},
  author={Cantwell, Chris D and Moxey, David and Comerford, A and Bolis, A and Rocco, G and Mengaldo, Gianmarco and De Grazia, Daniele and Yakovlev, Sergey and Lombard, J-E and Ekelschot, D and others},
  journal={Computer Physics Communications},
  volume={192},
  pages={205--219},
  year={2015},
  publisher={Elsevier}
}

@article{treister2015non,
  title={Non-Galerkin multigrid based on sparsified smoothed aggregation},
  author={Treister, Eran and Yavneh, Irad},
  journal={SIAM Journal on Scientific Computing},
  volume={37},
  number={1},
  pages={A30--A54},
  year={2015},
  publisher={SIAM}
}

@article{bienz2016reducing,
  title={Reducing Parallel Communication in Algebraic Multigrid through Sparsification},
  author={Bienz, Amanda and Falgout, Robert D and Gropp, William and Olson, Luke N and Schroder, Jacob B},
  journal={SIAM Journal on Scientific Computing},
  volume={38},
  number={5},
  pages={S332--S357},
  year={2016},
  publisher={SIAM}
}

@article{bell2012exposing,
  title={Exposing fine-grained parallelism in algebraic multigrid methods},
  author={Bell, Nathan and Dalton, Steven and Olson, Luke N},
  journal={SIAM Journal on Scientific Computing},
  volume={34},
  number={4},
  pages={C123--C152},
  year={2012},
  publisher={SIAM}
}
