@article{treister2015non,
  title={Non-Galerkin multigrid based on sparsified smoothed aggregation},
  author={Treister, Eran and Yavneh, Irad},
  journal={SIAM Journal on Scientific Computing},
  volume={37},
  number={1},
  pages={A30--A54},
  year={2015},
  publisher={SIAM}
}

@article{bienz2016reducing,
  title={Reducing Parallel Communication in Algebraic Multigrid through Sparsification},
  author={Bienz, Amanda and Falgout, Robert D and Gropp, William and Olson, Luke N and Schroder, Jacob B},
  journal={SIAM Journal on Scientific Computing},
  volume={38},
  number={5},
  pages={S332--S357},
  year={2016},
  publisher={SIAM}
}

@article{bell2012exposing,
  title={Exposing fine-grained parallelism in algebraic multigrid methods},
  author={Bell, Nathan and Dalton, Steven and Olson, Luke N},
  journal={SIAM Journal on Scientific Computing},
  volume={34},
  number={4},
  pages={C123--C152},
  year={2012},
  publisher={SIAM}
}

@article{article,
author = {Sundar, Hari and Stadler, Georg and Biros, George},
year = {2014},
month = {02},
pages = {},
title = {Comparison of Multigrid Algorithms for High-order Continuous Finite Element Discretizations},
volume = {22},
journal = {Numerical Linear Algebra with Applications},
doi = {10.1002/nla.1979}
}

@INPROCEEDINGS{8547580, 
author={M. Rasouli and V. Zala and R. M. Kirby and H. Sundar}, 
booktitle={2018 IEEE High Performance extreme Computing Conference (HPEC)}, 
title={Improving Performance and Scalability of Algebraic Multigrid through a Specialized MATVEC}, 
year={2018}, 
volume={}, 
number={}, 
pages={1-7}, 
keywords={Scalability;Convergence;Linear systems;Method of moments;Sparse matrices;Task analysis;Partial differential equations}, 
doi={10.1109/HPEC.2018.8547580}, 
ISSN={2377-6943}, 
month={Sep.},}
